@book{cochran.w-05-1957,
author = {Cochran, William G and Cox, Gertrude M},
title = {{Experimental Design}},
publisher = {John Wiley and Sons, Inc.},
year = {1957},
volume = {2},
month = may
}

@book{milliken-2002,
author = {Milliken, George A and Johnson, Dallas E},
title = {{Analysis of Messy Data}},
publisher = {Chapman and Hall/CRC},
year = {2002},
volume = {Volume III},
series = {Analysis of Covariance}
}

@book{steel.r-1960,
author = {Steel, Robert G D and Torrie, James H},
title = {{Principles and Procedures of Statistics, A Biometrical Approach}},
publisher = {McGraw-Hill},
year = {1960},
edition = {Second}
}

@booklet{gomez-1984,
title = {{Statistical Procedures for Agricultural Research}},
author = {Gomez, Kwanchai A and Gomez, Arturo A},
year = {1984}
}

@book{kuehl.r-2000,
author = {Kuehl, R O},
title = {{Design of experiments: statistical principles of research design and analysis
}},
publisher = {Brooks/Cole},
year = {2000},
edition = {2}
}



