@article{campbell.k-02-2015,
author = {Campbell, Kimberly Garland and Thompson, Yvonne M and Guy, Stephen O and McIntosh, Marla and Glaz, Barry},
title = {{"Is, or is not, the two great ends of Fate": Errors in Agronomic Research}},
journal = {Agronomy Journal},
year = {2015},
volume = {107},
pages = {718--729},
month = feb
}

