%% This BibTeX bibliography file was created using BibDesk.
%% http://bibdesk.sourceforge.net/


%% Created for Peter Claussen at 2016-07-15 15:48:15 -0500 


%% Saved with string encoding Unicode (UTF-8) 



@article{federer.w-9-1961,
	Author = {Federer, Walter T},
	Date-Added = {2016-07-15 20:48:14 +0000},
	Date-Modified = {2016-07-15 20:48:14 +0000},
	Journal = {Biometrics},
	Keywords = {experimental design},
	Month = dec,
	Number = {3},
	Pages = {447--473},
	Rating = {0},
	Title = {Augmented Designs with One-Way Elimination of Heterogeneity},
	Volume = {17},
	Year = {1961},
	Bdsk-File-1 = {YnBsaXN0MDDUAQIDBAUGJCVYJHZlcnNpb25YJG9iamVjdHNZJGFyY2hpdmVyVCR0b3ASAAGGoKgHCBMUFRYaIVUkbnVsbNMJCgsMDxJXTlMua2V5c1pOUy5vYmplY3RzViRjbGFzc6INDoACgAOiEBGABIAFgAdccmVsYXRpdmVQYXRoWWFsaWFzRGF0YV8QNi4uLy4uLy4uL3N2bi9iaWJ0ZXgvYXVnbWVudGVkL2ZlZGVyZXIvZmVkZXJlcl8yMDA3LnBkZtIXCxgZV05TLmRhdGFPEQHGAAAAAAHGAAIAAAxNYWNpbnRvc2ggSEQAAAAAAAAAAAAAAAAAAADTCT2cSCsAAAAS5AcQZmVkZXJlcl8yMDA3LnBkZgAAAAAAAAAAAAAAAAAAAAAAAAAAAAAAAAAAAAAAAAAAAAAAAAAAAAAAAAAAAAAAABLkDtK9QQUAAAAAAAAAAAADAAUAAAkgAAAAAAAAAAAAAAAAAAAAB2ZlZGVyZXIAABAACAAA0wmR/AAAABEACAAA0r2VZQAAAAEAHAAS5AcAEuQCABK2/AAStWsAEfwnAAmZlQAGMG0AAgBSTWFjaW50b3NoIEhEOlVzZXJzOgBwZXRlcjoAV29yazoAc3ZuOgBiaWJ0ZXg6AGF1Z21lbnRlZDoAZmVkZXJlcjoAZmVkZXJlcl8yMDA3LnBkZgAOACIAEABmAGUAZABlAHIAZQByAF8AMgAwADAANwAuAHAAZABmAA8AGgAMAE0AYQBjAGkAbgB0AG8AcwBoACAASABEABIAPlVzZXJzL3BldGVyL1dvcmsvc3ZuL2JpYnRleC9hdWdtZW50ZWQvZmVkZXJlci9mZWRlcmVyXzIwMDcucGRmABMAAS8AABUAAgAM//8AAIAG0hscHR5aJGNsYXNzbmFtZVgkY2xhc3Nlc11OU011dGFibGVEYXRhox0fIFZOU0RhdGFYTlNPYmplY3TSGxwiI1xOU0RpY3Rpb25hcnmiIiBfEA9OU0tleWVkQXJjaGl2ZXLRJidUcm9vdIABAAgAEQAaACMALQAyADcAQABGAE0AVQBgAGcAagBsAG4AcQBzAHUAdwCEAI4AxwDMANQCngKgAqUCsAK5AscCywLSAtsC4ALtAvADAgMFAwoAAAAAAAACAQAAAAAAAAAoAAAAAAAAAAAAAAAAAAADDA==}}

@article{es.h-03-1993,
	Author = {H M van Es and C L van Es},
	Date-Added = {2016-07-15 20:44:13 +0000},
	Date-Modified = {2016-07-15 20:44:13 +0000},
	Journal = {Agron J},
	Month = {March-April},
	Pages = {420-428},
	Title = {Spatial Nature of Randomization and Its Effect on the Outcome of Field Experiments},
	Volume = {85},
	Year = {1993},
	Bdsk-File-1 = {YnBsaXN0MDDUAQIDBAUGJCVYJHZlcnNpb25YJG9iamVjdHNZJGFyY2hpdmVyVCR0b3ASAAGGoKgHCBMUFRYaIVUkbnVsbNMJCgsMDxJXTlMua2V5c1pOUy5vYmplY3RzViRjbGFzc6INDoACgAOiEBGABIAFgAdccmVsYXRpdmVQYXRoWWFsaWFzRGF0YV8QNi4uLy4uLy4uL3N2bi9iaWJ0ZXgvZXhwZXJpbWVudGFsX2Rlc2lnbi9lcy9lc18xOTkzLnBkZtIXCxgZV05TLmRhdGFPEQG2AAAAAAG2AAIAAAxNYWNpbnRvc2ggSEQAAAAAAAAAAAAAAAAAAADTCT2cSCsAAAATEdYLZXNfMTk5My5wZGYAAAAAAAAAAAAAAAAAAAAAAAAAAAAAAAAAAAAAAAAAAAAAAAAAAAAAAAAAAAAAAAAAAAAAABMR19K9PR4AAAAAAAAAAAADAAUAAAkgAAAAAAAAAAAAAAAAAAAAAmVzABAACAAA0wmR/AAAABEACAAA0r2RfgAAAAEAHAATEdYAExGTABK2/AAStWsAEfwnAAmZlQAGMG0AAgBSTWFjaW50b3NoIEhEOlVzZXJzOgBwZXRlcjoAV29yazoAc3ZuOgBiaWJ0ZXg6AGV4cGVyaW1lbnRhbF9kZXNpZ246AGVzOgBlc18xOTkzLnBkZgAOABgACwBlAHMAXwAxADkAOQAzAC4AcABkAGYADwAaAAwATQBhAGMAaQBuAHQAbwBzAGgAIABIAEQAEgA+VXNlcnMvcGV0ZXIvV29yay9zdm4vYmlidGV4L2V4cGVyaW1lbnRhbF9kZXNpZ24vZXMvZXNfMTk5My5wZGYAEwABLwAAFQACAAz//wAAgAbSGxwdHlokY2xhc3NuYW1lWCRjbGFzc2VzXU5TTXV0YWJsZURhdGGjHR8gVk5TRGF0YVhOU09iamVjdNIbHCIjXE5TRGljdGlvbmFyeaIiIF8QD05TS2V5ZWRBcmNoaXZlctEmJ1Ryb290gAEACAARABoAIwAtADIANwBAAEYATQBVAGAAZwBqAGwAbgBxAHMAdQB3AIQAjgDHAMwA1AKOApAClQKgAqkCtwK7AsICywLQAt0C4ALyAvUC+gAAAAAAAAIBAAAAAAAAACgAAAAAAAAAAAAAAAAAAAL8}}
