%% This BibTeX bibliography file was created using BibDesk.
%% http://bibdesk.sourceforge.net/


%% Created for Peter Claussen at 2015-11-07 11:08:03 -0600 


%% Saved with string encoding Unicode (UTF-8) 



@url{nuGIS,
	Date-Added = {2015-11-07 17:06:47 +0000},
	Date-Modified = {2015-11-07 17:07:51 +0000},
	Title = {IPNI. 2012. A Nutrient Use Information System (NuGIS) for the U.S. Norcross, GA. Available on line >www.ipni.net/nugis<},
	Urldate = {January 12, 2012}}

@book{Smith:2012qr,
	Author = {Smith, J.~M. and Jones, A.~B.},
	Edition = {7th},
	Publisher = {Publisher},
	Title = {{B}ook {T}itle},
	Year = {2012}}

@article{Smith:2013jd,
	Author = {Jones, A.~B. and Smith, J.~M.},
	Journal = {Journal title},
	Month = {March},
	Number = {52},
	Pages = {123-456},
	Publisher = {Publisher},
	Title = {{A}rticle {T}itle},
	Volume = {13},
	Year = {2013}}
