@book{steel.r-1960,
author = {Steel, Robert G D and Torrie, James H},
title = {{Principles and Procedures of Statistics, A Biometrical Approach}},
publisher = {McGraw-Hill},
year = {1960},
edition = {Second}
}

@article{bailey.r-01-2012,
author = {Bailey, R A},
title = {{Experiments in Rectangular Areas: Design and Randomization}},
journal = {Journal of Agricultural, Biological, and Environmental Statistics},
year = {2012},
volume = {17},
number = {2},
pages = {176--191},
month = jan
}

@book{geisbrecht-2004,
author = {Giesbrecht, Francis G and Gumpertz, Marcia L},
title = {{Planning, Construction, and Statistical Analysis of Comparative Experiments}},
publisher = {Wiley-Interscience},
year = {2011},
month = sep
}

@article{vargas.m-2013,
author = {Vargas, Mateo and Combs, Emily and Alvarado, Gregorio and ATLIN, GARY and Mathews, Ky and Crossa, Jos{\'e}},
title = {{META: A Suite of SAS Programs to Analyze Multienvironment Breeding Trials}},
journal = {Agronomy Journal},
year = {2013},
volume = {105},
number = {1},
pages = {11}
}

@article{Cotes:2006fl,
author = {Cotes, Jos{\'e} Miguel and Crossa, Jos{\'e} and Sanches, Adhemar and Cornelius, Paul L},
title = {{A Bayesian Approach for Assessing the Stability of Genotypes}},
journal = {Crop Science},
year = {2006},
volume = {46},
number = {6},
pages = {2654--12}
}

