%% This BibTeX bibliography file was created using BibDesk.
%% http://bibdesk.sourceforge.net/


%% Created for Peter Claussen at 2013-11-22 14:59:19 -0600 


%% Saved with string encoding Unicode (UTF-8) 



@article{piepho.h-1996,
	Author = {Piepho, Hans-Peter},
	Date-Added = {2013-11-22 20:58:57 +0000},
	Date-Modified = {2013-11-22 20:59:17 +0000},
	Journal = {Heredity},
	Pages = {198--203},
	Rating = {0},
	Read = {Yes},
	Title = {Comparing cultivar means in multilocation trials when the covariance structure is not circular},
	Volume = {76},
	Year = {1996}}

@article{mcintosh-1983,
	Author = {McIntosh, MS},
	Date-Added = {2013-11-22 20:58:03 +0000},
	Date-Modified = {2013-11-22 20:58:22 +0000},
	Journal = {Agronomy Journal},
	Pages = {1--3},
	Rating = {0},
	Read = {Yes},
	Title = {Analysis of Combined Experiments},
	Url = {http://agron.scijournals.org/cgi/content/short/75/1/153},
	Year = {1983},
	Bdsk-Url-1 = {http://agron.scijournals.org/cgi/content/short/75/1/153}}

@article{so-2009,
	Author = {So, Y-S and Edwards, J},
	Date-Added = {2013-11-22 20:55:32 +0000},
	Date-Modified = {2013-11-22 20:55:32 +0000},
	Doi = {10.2135/cropsci2008.09.0574},
	Journal = {Crop Science},
	Month = aug,
	Number = {5},
	Pages = {1593--1601},
	Rating = {0},
	Read = {Yes},
	Title = {A Comparison of Mixed-Model Analyses of the Iowa Crop Performance Test for Corn},
	Volume = {49},
	Year = {2009},
	Bdsk-Url-1 = {http://dx.doi.org/10.2135/cropsci2008.09.0574}}

@article{hadfield.j-04-2010,
	Author = {J D Hadfield},
	Date-Added = {2013-11-22 20:54:54 +0000},
	Date-Modified = {2013-11-22 20:54:54 +0000},
	Month = apr,
	Pages = {1--25},
	Rating = {0},
	Title = {MCMCglmm: Markov chain Monte Carlo methods for Generalised Linear Mixed Models.},
	Year = {2010}}

@article{shukla.g-1972,
	Author = {Shukla, G K},
	Date-Added = {2013-11-22 20:50:53 +0000},
	Date-Modified = {2013-11-22 20:50:53 +0000},
	Journal = {Heredity},
	Keywords = {analysis},
	Number = {2},
	Pages = {237--245},
	Pmid = {4507945},
	Rating = {0},
	Read = {Yes},
	Title = {Some statistical aspects of partitioning genotype-environmental components of variability.},
	Volume = {29},
	Year = {1972}}

@article{piepho.m-4-2008,
	Author = {Piepho, HP and Mohring, J and Melchinger, AE and Buchse, A},
	Date-Added = {2013-11-22 20:46:54 +0000},
	Date-Modified = {2013-11-22 20:46:54 +0000},
	Journal = {Euphytica},
	Month = apr,
	Pages = {1--20},
	Rating = {0},
	Read = {Yes},
	Title = {BLUP for phenotypic selection in plant breeding and variety testing},
	Year = {2008}}

@book{gomez-1984,
	Author = {Gomez, Kwanchai A and Gomez, Arturo A},
	Date-Added = {2013-11-22 20:40:54 +0000},
	Date-Modified = {2013-11-22 20:40:54 +0000},
	Rating = {0},
	Read = {Yes},
	Title = {Statistical Procedures for Agricultural Research},
	Year = {1984}}

@article{besag-1999,
	Author = {Besag, Julian and Higdon, David},
	Date-Added = {2013-11-22 19:34:37 +0000},
	Date-Modified = {2013-11-22 19:34:48 +0000},
	Journal = {Journal of the Royal Statistical Society. Series B},
	Month = dec,
	Number = {4},
	Pages = {691--746},
	Rating = {0},
	Read = {0},
	Title = {Bayesian Analysis of Agricultural Field Experiments},
	Volume = {61},
	Year = {1999}}

@article{chernyshova.a-11-2007,
	Author = {A. A. Chernyshova and P. J. White and M. P. Scott and J.-L. Jannink},
	Date-Added = {2013-11-22 19:33:01 +0000},
	Date-Modified = {2013-11-22 19:34:03 +0000},
	Journal = {Crop Science},
	Pages = {2330--2339},
	Title = {Selection for Nutritional Function and Agronomic Performance in Oat},
	Volume = {47},
	Year = {2007}}

@article{gilmour.a-12-1995,
	Author = {Gilmour, Arthur R and Thompson, Robin and Cullis, Brian R},
	Date-Added = {2013-11-22 19:30:14 +0000},
	Date-Modified = {2013-11-22 19:35:04 +0000},
	Journal = {Biometrics},
	Keywords = {statistics},
	Month = dec,
	Number = {4},
	Pages = {1440--1450},
	Rating = {0},
	Read = {Yes},
	Title = {Average Information REML: An Efficient Algorithm for Variance Parameter Estimation in Linear Mixed Models},
	Volume = {51},
	Year = {1995}}

@article{edwards.j-2006,
	Author = {Edwards, Jode W and Jannink, Jean-Luc},
	Date-Added = {2013-11-22 19:25:06 +0000},
	Date-Modified = {2013-11-22 19:25:10 +0000},
	Journal = {Crop Science},
	Pages = {820--833},
	Rating = {0},
	Read = {Yes},
	Title = {Bayesian Modeling of Heterogeneous Error and Genotype X Environment Interaction Variances},
	Volume = {46},
	Year = {2006}}

@article{hadfield.j-11-2010,
	Author = {Jarrod Hadfield},
	Date-Added = {2013-11-22 19:23:25 +0000},
	Date-Modified = {2013-11-22 19:23:25 +0000},
	Journal = {Journal of Statistic Software},
	Month = nov,
	Pages = {1--20},
	Rating = {0},
	Title = {MCMC Methods for Multi-response Generalized Linear Mixed Models: The MCMCglmm R Package},
	Year = {2010}}

@book{steel.r-1960,
	Author = {Robert G D Steel and James H Torrie},
	Date-Added = {2013-11-22 19:20:48 +0000},
	Date-Modified = {2013-11-22 19:20:48 +0000},
	Edition = {Second},
	Publisher = {McGraw-Hill},
	Title = {Principles and Procedures of Statistics, A Biometrical Approach},
	Year = {1960}}

@article{cotes.j-2006,
	Author = {Cotes, Jose Miguel and Crossa, Jose and Sanches, Adhemar and Cornelius, Paul L},
	Date-Added = {2013-11-22 19:20:37 +0000},
	Date-Modified = {2013-11-22 19:23:33 +0000},
	Journal = {Crop Science},
	Pages = {2654--2665},
	Rating = {0},
	Read = {Yes},
	Title = {A Bayesian Approach for Assessing the Stability of Genotypes},
	Volume = {46},
	Year = {2006}}
