%% This BibTeX bibliography file was created using BibDesk.
%% http://bibdesk.sourceforge.net/


%% Created for Peter Claussen at 2015-11-12 08:26:44 -0600 


%% Saved with string encoding Unicode (UTF-8) 



@article{ray.d-12-2012,
	Author = {Ray, DK and Ramankutty, N and Mueller, ND and West, PC and Foley, JA},
	Date-Added = {2015-11-12 03:38:19 +0000},
	Date-Modified = {2015-11-12 03:38:19 +0000},
	Journal = {Nature communications},
	Month = {December},
	Pages = {1293},
	Title = {{Recent patterns of crop yield growth and stagnation}},
	Volume = {3},
	Year = {2012}}

@url{hww-rpn,
	Date-Added = {2015-11-11 02:46:37 +0000},
	Date-Modified = {2015-11-11 02:47:44 +0000},
	Title = {{Hard Winter Wheat Regional Nurseries} {\tt www.ars.usda.gov/Main/docs.htm?docid=11932}},
	Url = {http://www.ars.usda.gov/Main/docs.htm?docid=11932}}

@url{PM2.5,
	Date-Added = {2015-11-10 22:12:52 +0000},
	Date-Modified = {2015-11-10 22:15:00 +0000},
	Title = {{Daily Fine Particulate Matter (PM2.5) ($\mu g/m^3$) for years 2003-2011 on CDC WONDER Online Database, released 2013} {\tt wonder.cdc.gov/NASA-PM.html}},
	Url = {http://wonder.cdc.gov/NASA-PM.html}}

@url{modis,
	Date-Added = {2015-11-10 22:09:25 +0000},
	Date-Modified = {2015-11-10 22:10:29 +0000},
	Title = {{Moderate Resolution Imaging Spectroradiometer (MODIS) Daily Land Surface Temperature (LST), years 2003-2008 on CDC WONDER Online Database, released 2012.} {\tt wonder.cdc.gov/NASA-LST.html}},
	Url = {http://wonder.cdc.gov/NASA-LST.html}}

@url{usda-nass,
	Date-Added = {2015-11-10 22:03:43 +0000},
	Date-Modified = {2015-11-10 22:06:30 +0000},
	Title = {{United States Department of Agriculture, National Agricultural Statistics Service} {\tt quickstats.nass.usda.gov}},
	Url = {http://quickstats.nass.usda.gov}}

@article{lin.m-07-2012,
	Author = {M Lin and P Huybers},
	Date-Added = {2015-11-10 20:22:10 +0000},
	Date-Modified = {2015-11-10 20:22:10 +0000},
	Journal = {Environ Res Lett},
	Keywords = {yields},
	Month = {July},
	Title = {{Reckoning wheat yield trends}},
	Volume = {7},
	Year = {2012}}

@inbook{graybosch.r-2014,
	Address = {5585 Guilford Rd. Madison, WI 53711-5801, USA},
	Author = {R Graybosch and HE Bockelman and KA Garland-Campbell and DF Garvin and T Regassa},
	Chapter = {Wheat},
	Date-Added = {2015-11-10 20:21:31 +0000},
	Date-Modified = {2015-11-10 20:21:31 +0000},
	Editor = {Stephen Smith and Brian Diers and James Specht and Brett Carver},
	Keywords = {yields},
	Month = {September},
	Publisher = {ASA, CSSA and SSSA},
	Title = {{Yield Gains in Major U.S. Field Crops}},
	Year = {2014}}

@url{nldas,
	Date-Added = {2015-11-08 15:44:13 +0000},
	Date-Modified = {2015-11-10 22:11:02 +0000},
	Title = {{North America Land Data Assimilation System (NLDAS) Daily Air Temperatures and Heat Index, years 1979-2011 on CDC WONDER Online Database, released 2013. {\tt wonder.cdc.gov/NASA-NLDAS.html}}},
	Url = {http://wonder.cdc.gov/NASA-NLDAS.html}}

@url{nuGIS,
	Date-Added = {2015-11-07 17:06:47 +0000},
	Date-Modified = {2015-11-07 17:07:51 +0000},
	Title = {{IPNI. 2012. A Nutrient Use Information System (NuGIS) for the U.S. Norcross, GA. {\tt www.ipni.net/nugis}}},
	Urldate = {January 12, 2012}}